<?xml version="1.0" encoding="UTF-8"?>
<zs:searchRetrieveResponse xmlns:zs="http://www.loc.gov/zing/srw/">
  <zs:version>1.1</zs:version>
  <zs:numberOfRecords>9</zs:numberOfRecords>
  <zs:records>
    <zs:record>
      <zs:recordSchema/>
      <zs:recordPacking>xml</zs:recordPacking>
      <zs:recordData>
        <record xmlns="http://www.loc.gov/MARC21/slim">
          <leader>01895cam a2200313 a 4500</leader>
          <controlfield tag="001">15193208</controlfield>
          <controlfield tag="005">20151203111059.0</controlfield>
          <controlfield tag="008">080225s2008    nju      b    001 0 eng  </controlfield>
          <datafield tag="906" ind1=" " ind2=" ">
            <subfield code="a">7</subfield>
            <subfield code="b">cbc</subfield>
            <subfield code="c">orignew</subfield>
            <subfield code="d">1</subfield>
            <subfield code="e">ecip</subfield>
            <subfield code="f">20</subfield>
            <subfield code="g">y-gencatlg</subfield>
          </datafield>
          <datafield tag="925" ind1="0" ind2=" ">
            <subfield code="a">acquire</subfield>
            <subfield code="b">1 shelf copy</subfield>
            <subfield code="x">policy default</subfield>
          </datafield>
          <datafield tag="925" ind1="1" ind2=" ">
            <subfield code="a">acquire</subfield>
            <subfield code="b">2 shelf copies</subfield>
            <subfield code="x">policy default</subfield>
          </datafield>
          <datafield tag="955" ind1=" " ind2=" ">
            <subfield code="a">sh48 2008-02-25</subfield>
            <subfield code="c">sh48 2008-02-25</subfield>
            <subfield code="d">sh13 2008-03-05</subfield>
            <subfield code="e">sh13 2008-03-05 to Dewey</subfield>
            <subfield code="a">aa17 2008-03-05</subfield>
            <subfield code="a">xe11 2008-11-20 1 copy rec'd., to CIP ver.</subfield>
            <subfield code="f">rc09 2008-11-25</subfield>
            <subfield code="g">rc09 2008-11-25 to BCCD</subfield>
            <subfield code="a">ja15 2009-06-03 copy 2 added</subfield>
          </datafield>
          <datafield tag="010" ind1=" " ind2=" ">
            <subfield code="a">  2008008135</subfield>
          </datafield>
          <datafield tag="020" ind1=" " ind2=" ">
            <subfield code="a">9781572738195 (hardbound)</subfield>
          </datafield>
          <datafield tag="020" ind1=" " ind2=" ">
            <subfield code="a">9781572738201 (paperbound)</subfield>
          </datafield>
          <datafield tag="040" ind1=" " ind2=" ">
            <subfield code="a">DLC</subfield>
            <subfield code="c">DLC</subfield>
            <subfield code="d">DLC</subfield>
          </datafield>
          <datafield tag="050" ind1="0" ind2="0">
            <subfield code="a">BD236</subfield>
            <subfield code="b">.I34 2008</subfield>
          </datafield>
          <datafield tag="082" ind1="0" ind2="0">
            <subfield code="a">302.5</subfield>
            <subfield code="2">22</subfield>
          </datafield>
          <datafield tag="245" ind1="0" ind2="0">
            <subfield code="a">Identities in context :</subfield>
            <subfield code="b">media, myth, religion in time and place /</subfield>
            <subfield code="c">edited by Katherine G. Fry, Barbara Jo Lewis.</subfield>
          </datafield>
          <datafield tag="260" ind1=" " ind2=" ">
            <subfield code="a">Cresskill, NJ :</subfield>
            <subfield code="b">Hampton Press,</subfield>
            <subfield code="c">c2008.</subfield>
          </datafield>
          <datafield tag="300" ind1=" " ind2=" ">
            <subfield code="a">v, 192 p. ;</subfield>
            <subfield code="c">23 cm.</subfield>
          </datafield>
          <datafield tag="490" ind1="0" ind2=" ">
            <subfield code="a">Hampton Press communication series. Media ecology</subfield>
          </datafield>
          <datafield tag="504" ind1=" " ind2=" ">
            <subfield code="a">Includes bibliographical references and index.</subfield>
          </datafield>
          <datafield tag="505" ind1="0" ind2=" ">
            <subfield code="a">Identities in context -- Reform Judaism and reformed Jews : -- Religion, nationalism, and mediated identities -- The relationship of metaphor and Kairos in Seattless address -- Peoples of the word, the book, and the laptop -- Nun's stories as a discourse of identity : Mother knows best -- Geographic identity : television news disaster -- Black and brown identities in Cherbury -- Hello Dolly : media coverage of cloning events -- Presentation of self on the Internet.</subfield>
          </datafield>
          <datafield tag="650" ind1=" " ind2="0">
            <subfield code="a">Identity (Philosophical concept)</subfield>
          </datafield>
          <datafield tag="700" ind1="1" ind2=" ">
            <subfield code="a">Fry, Katherine.</subfield>
          </datafield>
          <datafield tag="700" ind1="1" ind2=" ">
            <subfield code="a">Lewis, Barbara Jo.</subfield>
          </datafield>
          <datafield tag="856" ind1="4" ind2="1">
            <subfield code="3">Table of contents only</subfield>
            <subfield code="u">http://www.loc.gov/catdir/toc/fy0904/2008008135.html</subfield>
          </datafield>
          <datafield tag="963" ind1=" " ind2=" ">
            <subfield code="a">Barbara Bernstein; phone: 201-894-1686; fax: 201-894-8732; email: hamptonpr1@aol.com; bc: hamptonpr1@aol.com</subfield>
          </datafield>
        </record>
      </zs:recordData>
      <zs:recordPosition>1</zs:recordPosition>
    </zs:record>