
    <zs:record>
      <zs:recordSchema/>
      <zs:recordPacking>xml</zs:recordPacking>
      <zs:recordData>
        <record xmlns="http://www.loc.gov/MARC21/slim">
          <leader>03040cam a2200361 i 4500</leader>
          <controlfield tag="001">22979491</controlfield>
          <controlfield tag="005">20231121143819.0</controlfield>
          <controlfield tag="008">230217t20232023nyua     b    001 0 eng  </controlfield>
          <datafield tag="906" ind1=" " ind2=" ">
            <subfield code="a">7</subfield>
            <subfield code="b">cbc</subfield>
            <subfield code="c">orignew</subfield>
            <subfield code="d">1</subfield>
            <subfield code="e">ecip</subfield>
            <subfield code="f">20</subfield>
            <subfield code="g">y-gencatlg</subfield>
          </datafield>
          <datafield tag="925" ind1="0" ind2=" ">
            <subfield code="a">acquire</subfield>
            <subfield code="b">1 shelf copy</subfield>
            <subfield code="x">policy default</subfield>
          </datafield>
          <datafield tag="955" ind1=" " ind2=" ">
            <subfield code="b">xk34 2023-02-17</subfield>
            <subfield code="i">xk34 2023-02-17 (Telework) to review</subfield>
            <subfield code="r">xk16 2023-02-27</subfield>
            <subfield code="w">xk16 2023-02-27 (telework)</subfield>
            <subfield code="a">xk34 2023-02-28 to CIP</subfield>
            <subfield code="a">xn18 2023-11-21 1 copy rec'd., to CIP ver.</subfield>
            <subfield code="f">xn18 2023-11-21 to PresSrvs</subfield>
          </datafield>
          <datafield tag="010" ind1=" " ind2=" ">
            <subfield code="a">  2022061013</subfield>
          </datafield>
          <datafield tag="020" ind1=" " ind2=" ">
            <subfield code="a">9781032190860</subfield>
            <subfield code="q">(paperback)</subfield>
          </datafield>
          <datafield tag="020" ind1=" " ind2=" ">
            <subfield code="a">9781032192161</subfield>
            <subfield code="q">(hardback)</subfield>
          </datafield>
          <datafield tag="020" ind1=" " ind2=" ">
            <subfield code="z">9781003258179</subfield>
            <subfield code="q">(ebook)</subfield>
          </datafield>
          <datafield tag="040" ind1=" " ind2=" ">
            <subfield code="a">DLC</subfield>
            <subfield code="b">eng</subfield>
            <subfield code="e">rda</subfield>
            <subfield code="c">DLC</subfield>
            <subfield code="d">DLC</subfield>
          </datafield>
          <datafield tag="042" ind1=" " ind2=" ">
            <subfield code="a">pcc</subfield>
          </datafield>
          <datafield tag="050" ind1="0" ind2="0">
            <subfield code="a">P96.M4</subfield>
            <subfield code="b">F79 2023</subfield>
          </datafield>
          <datafield tag="082" ind1="0" ind2="0">
            <subfield code="a">302.23</subfield>
            <subfield code="2">23/eng/20230227</subfield>
          </datafield>
          <datafield tag="100" ind1="1" ind2=" ">
            <subfield code="a">Fry, Katherine</subfield>
            <subfield code="q">(Katherine G),</subfield>
            <subfield code="e">author.</subfield>
          </datafield>
          <datafield tag="245" ind1="1" ind2="0">
            <subfield code="a">Dynamic media environments :</subfield>
            <subfield code="b">expanding the scope of media literacy /</subfield>
            <subfield code="c">Katherine G. Fry.</subfield>
          </datafield>
          <datafield tag="264" ind1=" " ind2="1">
            <subfield code="a">New York :</subfield>
            <subfield code="b">Routledge, Taylor &amp; Francis Group,</subfield>
            <subfield code="c">2023.</subfield>
          </datafield>
          <datafield tag="264" ind1=" " ind2="4">
            <subfield code="c">©2023</subfield>
          </datafield>
          <datafield tag="300" ind1=" " ind2=" ">
            <subfield code="a">xi, 165 pages :</subfield>
            <subfield code="b">illustrations ;</subfield>
            <subfield code="c">23 cm</subfield>
          </datafield>
          <datafield tag="336" ind1=" " ind2=" ">
            <subfield code="a">text</subfield>
            <subfield code="b">txt</subfield>
            <subfield code="2">rdacontent</subfield>
          </datafield>
          <datafield tag="337" ind1=" " ind2=" ">
            <subfield code="a">unmediated</subfield>
            <subfield code="b">n</subfield>
            <subfield code="2">rdamedia</subfield>
          </datafield>
          <datafield tag="338" ind1=" " ind2=" ">
            <subfield code="a">volume</subfield>
            <subfield code="b">nc</subfield>
            <subfield code="2">rdacarrier</subfield>
          </datafield>
          <datafield tag="504" ind1=" " ind2=" ">
            <subfield code="a">Includes bibliographical references and index.</subfield>
          </datafield>
          <datafield tag="520" ind1=" " ind2=" ">
            <subfield code="a">"An accessible introduction to understanding the current media environment and the culture it contains, this book provides an indispensable guide to dynamic media literacy in the digital environment. Katherine G. Fry draws from philosophies of technology and communication, from media ecology, critical cultural theory, and critical pedagogy to explain the dimensions of media environments. Fry introduces an essential dynamic media environment model that can be used as a framework for understanding global social challenges. The model extends media literacy education and practice by de-centering media messages, instead explaining media as environments-as cultures created by and within our dominant form of communication. Exploring progressive education philosophies that advocate inclusion, independence, empathy, and critical thinking toward problem-solving in a rapidly changing world, this book includes media literacy examples, global case studies, exercises, and learning tools to facilitate learning the full scope of the current media environment. This book explores how the digital communication environment operates on many dimensions so that we, as citizens, as players within the shifting digital environment, can act to shape it. Essential reading for students and scholars of media and communication studies, media literacy and media education, as well as other disciplines where media is used as a lens to examine issues within society"--</subfield>
            <subfield code="c">Provided by publisher.</subfield>
          </datafield>
          <datafield tag="650" ind1=" " ind2="0">
            <subfield code="a">Media literacy</subfield>
            <subfield code="x">Study and teaching.</subfield>
          </datafield>
          <datafield tag="650" ind1=" " ind2="0">
            <subfield code="a">Digital media</subfield>
            <subfield code="x">Study and teaching.</subfield>
          </datafield>
          <datafield tag="650" ind1=" " ind2="0">
            <subfield code="a">Critical thinking</subfield>
            <subfield code="x">Study and teaching.</subfield>
          </datafield>
          <datafield tag="776" ind1="0" ind2="8">
            <subfield code="i">Online version:</subfield>
            <subfield code="a">Fry, Katherine (Katherine G)</subfield>
            <subfield code="t">Dynamic media environments.</subfield>
            <subfield code="d">New York, NY : Routledge, 2023</subfield>
            <subfield code="z">9781003258179</subfield>
            <subfield code="w">(DLC) 2022061014</subfield>
          </datafield>
        </record>
      </zs:recordData>
      <zs:recordPosition>7</zs:recordPosition>
    </zs:record>